@book{wang2019prevalence,
  title={Prevalence survey of oral health and prevention of common oral disease in Zhejiang province},
  author={HUuiming Wang and Hui Chen},
  publisher={Zhejiang University Press},
  year={2019},
  note={Chinese}
}
